
@article{abdelaalUsingMaxEntModeling2019,
  title = {Using {{MaxEnt}} Modeling to Predict the Potential Distribution of the Endemic Plant {{Rosa}} Arabica {{Cr\'ep}}. in {{Egypt}}},
  author = {Abdelaal, Mohamed and Fois, Mauro and Fenu, Giuseppe and Bacchetta, Gianluigi},
  year = {2019},
  month = mar,
  volume = {50},
  pages = {68--75},
  issn = {1574-9541},
  doi = {10.1016/j.ecoinf.2019.01.003},
  file = {/Users/bbest/Zotero/storage/LSKULPDG/Abdelaal et al - 2019 - Using MaxEnt modeling to predict the potential distribution of the endemic plant Rosa arabica Cr√©p.pdf;/Users/bbest/Zotero/storage/K6GPWRRJ/S1574954118301997.html},
  journal = {Ecological Informatics},
  keywords = {Environmental variables,Global warming,Habitat condition,Saint Catherine,Sinai Peninsula},
  language = {en}
}

@misc{AppendixBoostedRegression,
  title = {Appendix: {{Boosted}} Regression Trees for Ecological Modeling \textemdash{} {{R Spatial}}},
  file = {/Users/bbest/Zotero/storage/LNLETMZ6/9_sdm_brt.html},
  howpublished = {https://rspatial.org/raster/sdm/9\_sdm\_brt.html}
}

@article{benkendorfEffectsSampleSize2020,
  title = {Effects of Sample Size and Network Depth on a Deep Learning Approach to Species Distribution Modeling},
  author = {Benkendorf, Donald J. and Hawkins, Charles P.},
  year = {2020},
  month = nov,
  volume = {60},
  pages = {101137},
  issn = {1574-9541},
  doi = {10.1016/j.ecoinf.2020.101137},
  file = {/Users/bbest/Zotero/storage/FSXW59QR/S157495412030087X.html},
  journal = {Ecological Informatics},
  keywords = {Artificial neural network,Deep learning,Ecology,Macroinvertebrate,Sample size,Species distribution model},
  language = {en}
}

@misc{BigelowLabDismotools2020,
  title = {{{BigelowLab}}/Dismotools},
  year = {2020},
  month = sep,
  copyright = {MIT License         ,                 MIT License},
  howpublished = {Bigelow Laboratory for Ocean Sciences}
}

@incollection{botellaDeepLearningApproach2018,
  title = {A {{Deep Learning Approach}} to {{Species Distribution Modelling}}},
  booktitle = {Multimedia {{Tools}} and {{Applications}} for {{Environmental}} \& {{Biodiversity Informatics}}},
  author = {Botella, Christophe and Joly, Alexis and Bonnet, Pierre and Monestiez, Pascal and Munoz, Fran{\c c}ois},
  editor = {Joly, Alexis and Vrochidis, Stefanos and Karatzas, Kostas and Karppinen, Ari and Bonnet, Pierre},
  year = {2018},
  pages = {169--199},
  publisher = {{Springer International Publishing}},
  address = {{Cham}},
  doi = {10.1007/978-3-319-76445-0_10},
  file = {/Users/bbest/Zotero/storage/E4WLWC4T/Botella et al - 2018 - A Deep Learning Approach to Species Distribution Modelling.pdf},
  isbn = {978-3-319-76445-0},
  language = {en},
  series = {Multimedia {{Systems}} and {{Applications}}}
}

@article{botellaSpeciesDistributionModeling2018,
  title = {Species Distribution Modeling Based on the Automated Identification of Citizen Observations},
  author = {Botella, Christophe and Joly, Alexis and Bonnet, Pierre and Monestiez, Pascal and Munoz, Fran{\c c}ois},
  year = {2018},
  volume = {6},
  pages = {e1029},
  issn = {2168-0450},
  doi = {10.1002/aps3.1029},
  annotation = {\_eprint: https://bsapubs.onlinelibrary.wiley.com/doi/pdf/10.1002/aps3.1029},
  copyright = {\textcopyright{} 2018 Botella et al. Applications in Plant Sciences is published by Wiley Periodicals, Inc. on behalf of the Botanical Society of America.},
  file = {/Users/bbest/Zotero/storage/X34425SZ/Botella et al - 2018 - Species distribution modeling based on the automated identification of citizen observations.pdf;/Users/bbest/Zotero/storage/4RQQPIBB/aps3.html},
  journal = {Applications in Plant Sciences},
  keywords = {automated species identification,citizen science,crowdsourcing,deep learning,invasive alien species,species distribution modeling},
  language = {en},
  number = {2}
}

@article{chardonIncorporatingIntraspecificVariation2020,
  title = {Incorporating Intraspecific Variation into Species Distribution Models Improves Distribution Predictions, but Cannot Predict Species Traits for a Wide-Spread Plant Species},
  author = {Chardon, Nathalie Isabelle and Pironon, Samuel and Peterson, Megan Lynn and Doak, Daniel Forest},
  year = {2020},
  volume = {43},
  pages = {60--74},
  issn = {1600-0587},
  doi = {10.1111/ecog.04630},
  annotation = {\_eprint: https://onlinelibrary.wiley.com/doi/pdf/10.1111/ecog.04630},
  copyright = {\textcopyright{} 2019 The Authors. Ecography published by John Wiley \& Sons on behalf of Nordic Society Oikos},
  file = {/Users/bbest/Zotero/storage/42HWXYV7/Chardon et al - 2020 - Incorporating intraspecific variation into species distribution models improves distribution predictions, but cannot predict species traits for a wide-spread plant species.pdf;/Users/bbest/Zotero/storage/FGLQBRAR/ecog.html},
  journal = {Ecography},
  keywords = {climate change,genetic variation,habitat suitability,local adaptation,species distribution modeling,traits},
  language = {en},
  number = {1}
}

@article{choubinEnsemblePredictionFlood2019,
  title = {An Ensemble Prediction of Flood Susceptibility Using Multivariate Discriminant Analysis, Classification and Regression Trees, and Support Vector Machines},
  author = {Choubin, Bahram and Moradi, Ehsan and Golshan, Mohammad and Adamowski, Jan and {Sajedi-Hosseini}, Farzaneh and Mosavi, Amir},
  year = {2019},
  month = feb,
  volume = {651},
  pages = {2087--2096},
  issn = {0048-9697},
  doi = {10.1016/j.scitotenv.2018.10.064},
  file = {/Users/bbest/Zotero/storage/CUD53VHL/S0048969718339378.html},
  journal = {Science of The Total Environment},
  keywords = {Classification and regression trees,Ensemble approach,Flood susceptibility,Multivariate discriminant analysis,Support vector regression},
  language = {en}
}

@article{cobosExhaustiveAnalysisHeuristic2019,
  title = {An Exhaustive Analysis of Heuristic Methods for Variable Selection in Ecological Niche Modeling and Species Distribution Modeling},
  author = {Cobos, Marlon E. and Peterson, A. Townsend and {Osorio-Olvera}, Luis and {Jim{\'e}nez-Garc{\'i}a}, Daniel},
  year = {2019},
  month = sep,
  volume = {53},
  pages = {100983},
  issn = {1574-9541},
  doi = {10.1016/j.ecoinf.2019.100983},
  file = {/Users/bbest/Zotero/storage/QP5XZ6NJ/S1574954119301025.html},
  journal = {Ecological Informatics},
  keywords = {Jackknife,kuenm,Maxent,Variable contribution,Variable importance,Variance inflation factor},
  language = {en}
}

@article{cobosKuenmPackageDetailed2019,
  title = {Kuenm: An {{R}} Package for Detailed Development of Ecological Niche Models Using {{Maxent}}},
  shorttitle = {Kuenm},
  author = {Cobos, Marlon E. and Peterson, A. Townsend and Barve, Narayani and {Osorio-Olvera}, Luis},
  year = {2019},
  month = feb,
  volume = {7},
  pages = {e6281},
  publisher = {{PeerJ Inc.}},
  issn = {2167-8359},
  doi = {10.7717/peerj.6281},
  file = {/Users/bbest/Zotero/storage/GZP9NPYK/Cobos et al - 2019 - kuenm.pdf;/Users/bbest/Zotero/storage/VUU8IW3C/6281.html},
  journal = {PeerJ},
  language = {en}
}

@article{colaEcospatPackageSupport2017,
  title = {Ecospat: An {{R}} Package to Support Spatial Analyses and Modeling of Species Niches and Distributions},
  shorttitle = {Ecospat},
  author = {Cola, Valeria Di and Broennimann, Olivier and Petitpierre, Blaise and Breiner, Frank T. and D'Amen, Manuela and Randin, Christophe and Engler, Robin and Pottier, Julien and Pio, Dorothea and Dubuis, Anne and Pellissier, Loic and Mateo, Rub{\'e}n G. and Hordijk, Wim and Salamin, Nicolas and Guisan, Antoine},
  year = {2017},
  volume = {40},
  pages = {774--787},
  issn = {1600-0587},
  doi = {10.1111/ecog.02671},
  annotation = {\_eprint: https://onlinelibrary.wiley.com/doi/pdf/10.1111/ecog.02671},
  copyright = {\textcopyright{} 2016 The Authors},
  file = {/Users/bbest/Zotero/storage/RTAJGZTC/Cola et al - 2017 - ecospat.pdf;/Users/bbest/Zotero/storage/JYCIWHS6/ecog.html},
  journal = {Ecography},
  language = {en},
  number = {6}
}

@book{crestaniExperimentalIRMeets2019,
  title = {Experimental {{IR Meets Multilinguality}}, {{Multimodality}}, and {{Interaction}}: 10th {{International Conference}} of the {{CLEF Association}}, {{CLEF}} 2019, {{Lugano}}, {{Switzerland}}, {{September}} 9\textendash 12, 2019, {{Proceedings}}},
  shorttitle = {Experimental {{IR Meets Multilinguality}}, {{Multimodality}}, and {{Interaction}}},
  author = {Crestani, Fabio and Braschler, Martin and Savoy, Jacques and Rauber, Andreas and M{\"u}ller, Henning and Losada, David E. and B{\"u}rki, Gundula Heinatz and Cappellato, Linda and Ferro, Nicola},
  year = {2019},
  month = sep,
  publisher = {{Springer Nature}},
  googlebooks = {LqGsDwAAQBAJ},
  isbn = {978-3-030-28577-7},
  keywords = {Computers / Data Processing,Computers / Information Technology,Computers / Natural Language Processing,Computers / Networking / General,Computers / Online Services,Computers / Speech \& Audio Processing},
  language = {en}
}

@inproceedings{deneuEvaluationDeepSpecies2019,
  title = {Evaluation of {{Deep Species Distribution Models Using Environment}} and {{Co}}-Occurrences},
  booktitle = {Experimental {{IR Meets Multilinguality}}, {{Multimodality}}, and {{Interaction}}},
  author = {Deneu, Benjamin and Servajean, Maximilien and Botella, Christophe and Joly, Alexis},
  editor = {Crestani, Fabio and Braschler, Martin and Savoy, Jacques and Rauber, Andreas and M{\"u}ller, Henning and Losada, David E. and Heinatz B{\"u}rki, Gundula and Cappellato, Linda and Ferro, Nicola},
  year = {2019},
  pages = {213--225},
  publisher = {{Springer International Publishing}},
  address = {{Cham}},
  doi = {10.1007/978-3-030-28577-7_18},
  file = {/Users/bbest/Zotero/storage/DX5H2J6W/Deneu et al - 2019 - Evaluation of Deep Species Distribution Models Using Environment and Co-occurrences.pdf},
  isbn = {978-3-030-28577-7},
  language = {en},
  series = {Lecture {{Notes}} in {{Computer Science}}}
}

@inproceedings{deneuLocationbasedSpeciesRecommendation2018,
  title = {Location-Based Species Recommendation Using Co-Occurrences and Environment-{{GeoLifeCLEF}} 2018 Challenge},
  booktitle = {{{CLEF}}: {{Conference}} and {{Labs}} of the {{Evaluation Forum}}},
  author = {Deneu, Benjamin and Servajean, Maximilien and Botella, Christophe and Joly, Alexis},
  year = {2018},
  month = sep,
  volume = {CEUR Workshop Proceedings},
  address = {{Avignon, France}},
  file = {/Users/bbest/Zotero/storage/59SCURI3/Deneu et al - 2018 - Location-based species recommendation using co-occurrences and environment-GeoLifeCLEF 2018 challenge.pdf},
  keywords = {Plant,Species}
}

@article{deneuOverviewLifeCLEFLocationbased,
  title = {Overview of {{LifeCLEF}} Location-Based Species Prediction Task 2020 ({{GeoLifeCLEF}})},
  author = {Deneu, Benjamin and Lorieul, Titouan and Cole, Elijah and Servajean, Maximilien and Botella, Christophe and Bonnet, Pierre and Joly, Alexis},
  pages = {13},
  file = {/Users/bbest/Zotero/storage/F57JW4PW/Deneu et al. - Overview of LifeCLEF location-based species predic.pdf},
  language = {en}
}

@misc{EcospatSpatialEcology,
  title = {Ecospat - Spatial Ecology Utilities},
  annotation = {Last Modified: 2020-03-11T11:02:10+01:00},
  file = {/Users/bbest/Zotero/storage/ZJ35R4HB/tools.html},
  howpublished = {https://www.unil.ch/ecospat/en/home/menuguid/ecospat-resources/tools.html},
  language = {en}
}

@article{elithConservationPrioritisationUsing2009,
  title = {Conservation Prioritisation Using Species Distribution Modelling},
  author = {Elith, J. and Leathwick, J.},
  year = {2009},
  pages = {70--93},
  file = {/Users/bbest/Zotero/storage/QXPZH42Y/Elith_Leathwick - 2009 - Conservation prioritisation using species distribution modelling.pdf},
  journal = {Spatial conservation prioritization: quantitative methods and computational tools}
}

@article{elithSpeciesDistributionModels2009,
  title = {Species {{Distribution Models}}: {{Ecological Explanation}} and {{Prediction Across Space}} and {{Time}}},
  shorttitle = {Species {{Distribution Models}}},
  author = {Elith, Jane and Leathwick, John R.},
  year = {2009},
  month = dec,
  volume = {40},
  pages = {677--697},
  issn = {1543-592X},
  doi = {10.1146/annurev.ecolsys.110308.120159},
  file = {/Users/bbest/Zotero/storage/6KIA7WIZ/Elith and Leathwick - 2009 - Species Distribution Models Ecological Explanatio.pdf;/Users/bbest/Zotero/storage/AFN99QCV/ElithLeathwick2009_suppl.pdf;/Users/bbest/Zotero/storage/6D4PVWEA/annurev.ecolsys.110308.html},
  journal = {Annual Review of Ecology, Evolution, and Systematics},
  number = {1}
}

@article{elithWorkingGuideBoosted2008,
  title = {A Working Guide to Boosted Regression Trees},
  author = {Elith, J. and Leathwick, J. R. and Hastie, T.},
  year = {2008},
  volume = {77},
  pages = {802--813},
  file = {/Users/bbest/Zotero/storage/DQV5IVJ9/Elith2006_Supplement.pdf;/Users/bbest/Zotero/storage/MGHNXLVB/Elith et al. - 2008 - A working guide to boosted regression trees.pdf},
  journal = {Journal of Animal Ecology},
  number = {4}
}

@article{fengCollinearityEcologicalNiche2019,
  title = {Collinearity in Ecological Niche Modeling: {{Confusions}} and Challenges},
  shorttitle = {Collinearity in Ecological Niche Modeling},
  author = {Feng, Xiao and Park, Daniel S. and Liang, Ye and Pandey, Ranjit and Pape{\c s}, Monica},
  year = {2019},
  volume = {9},
  pages = {10365--10376},
  issn = {2045-7758},
  doi = {10.1002/ece3.5555},
  annotation = {\_eprint: https://onlinelibrary.wiley.com/doi/pdf/10.1002/ece3.5555},
  copyright = {\textcopyright{} 2019 The Authors. Ecology and Evolution published by John Wiley \& Sons Ltd.},
  file = {/Users/bbest/Zotero/storage/CURWFD7F/Feng et al - 2019 - Collinearity in ecological niche modeling.pdf;/Users/bbest/Zotero/storage/9GI5INMJ/ece3.html},
  journal = {Ecology and Evolution},
  keywords = {bioclim,collinearity shift,ecological niche,mammal,model transfer,predictor selection,species distribution model},
  language = {en},
  number = {18}
}

@article{fletcherPracticalGuideCombining2019,
  title = {A Practical Guide for Combining Data to Model Species Distributions},
  author = {Fletcher, Robert J. and Hefley, Trevor J. and Robertson, Ellen P. and Zuckerberg, Benjamin and McCleery, Robert A. and Dorazio, Robert M.},
  year = {2019},
  volume = {100},
  pages = {e02710},
  issn = {1939-9170},
  doi = {10.1002/ecy.2710},
  annotation = {\_eprint: https://esajournals.onlinelibrary.wiley.com/doi/pdf/10.1002/ecy.2710},
  copyright = {\textcopyright{} 2019 by the Ecological Society of America},
  file = {/Users/bbest/Zotero/storage/X476NRY8/ecy2710-sup-0001-appendixs1.pdf;/Users/bbest/Zotero/storage/ZGXA3EJU/Fletcher et al - 2019 - A practical guide for combining data to model species distributions.pdf;/Users/bbest/Zotero/storage/JGVXXITA/ecy.html},
  journal = {Ecology},
  keywords = {citizen science,data fusion,ecological niche model,habitat suitability model,integrated model,spatial point process,Special Feature: Data Integration for Population Models,species distribution model},
  language = {en},
  number = {6}
}

@article{fournierPredictingSpeciesDistribution2017,
  title = {Predicting Species Distribution Combining Multi-Scale Drivers},
  author = {Fournier, Alice and {Barbet-Massin}, Morgane and Rome, Quentin and Courchamp, Franck},
  year = {2017},
  month = oct,
  volume = {12},
  pages = {215--226},
  issn = {2351-9894},
  doi = {10.1016/j.gecco.2017.11.002},
  file = {/Users/bbest/Zotero/storage/U2IFI9T2/Fournier et al - 2017 - Predicting species distribution combining multi-scale drivers.pdf;/Users/bbest/Zotero/storage/ELYRERHV/S2351989417302020.html},
  journal = {Global Ecology and Conservation},
  keywords = {Climatic variables,Environmental filtering,Habitat,SDM,Spatial scale,Yellow-legged hornet},
  language = {en}
}

@misc{GeoLifeCLEF2020ImageCLEF,
  title = {{{GeoLifeCLEF}} 2020 | {{ImageCLEF}} / {{LifeCLEF}} - {{Multimedia Retrieval}} in {{CLEF}}},
  file = {/Users/bbest/Zotero/storage/DFY69SRM/GeoLifeCLEF2020.html},
  howpublished = {https://www.imageclef.org/GeoLifeCLEF2020}
}

@article{goldingZoonPackageReproducible2018,
  title = {The Zoon r Package for Reproducible and Shareable Species Distribution Modelling},
  author = {Golding, Nick and August, Tom A. and Lucas, Tim C. D. and Gavaghan, David J. and van Loon, E. Emiel and McInerny, Greg},
  year = {2018},
  volume = {9},
  pages = {260--268},
  issn = {2041-210X},
  doi = {10.1111/2041-210X.12858},
  annotation = {\_eprint: https://besjournals.onlinelibrary.wiley.com/doi/pdf/10.1111/2041-210X.12858},
  copyright = {\textcopyright{} 2017 The Authors. Methods in Ecology and Evolution \textcopyright{} 2017 British Ecological Society},
  file = {/Users/bbest/Zotero/storage/3FZFB66I/Golding et al - 2018 - The zoon r package for reproducible and shareable species distribution modelling.pdf;/Users/bbest/Zotero/storage/HULAZ6B7/2041-210X.html},
  journal = {Methods in Ecology and Evolution},
  keywords = {modelling,population ecology,software,species distribution modelling,zoon},
  language = {en},
  number = {2}
}

@article{gomesSpeciesDistributionModelling2018,
  title = {Species {{Distribution Modelling}}: {{Contrasting}} Presence-Only Models with Plot Abundance Data},
  shorttitle = {Species {{Distribution Modelling}}},
  author = {Gomes, Vitor H. F. and IJff, St{\'e}phanie D. and Raes, Niels and Amaral, I{\^e}da Le{\~a}o and Salom{\~a}o, Rafael P. and {de Souza Coelho}, Luiz and {de Almeida Matos}, Francisca Dion{\'i}zia and Castilho, Carolina V. and {de Andrade Lima Filho}, Diogenes and L{\'o}pez, Dairon C{\'a}rdenas and Guevara, Juan Ernesto and Magnusson, William E. and Phillips, Oliver L. and Wittmann, Florian and {de Jesus Veiga Carim}, Marcelo and Martins, Maria Pires and Irume, Mariana Vict{\'o}ria and Sabatier, Daniel and Molino, Jean-Fran{\c c}ois and B{\'a}nki, Olaf S. and {da Silva Guimar{\~a}es}, Jos{\'e} Renan and Pitman, Nigel C. A. and Piedade, Maria Teresa Fernandez and Mendoza, Abel Monteagudo and Luize, Bruno Garcia and Venticinque, Eduardo Martins and {de Le{\~a}o Novo}, Evlyn M{\'a}rcia Moraes and Vargas, Percy N{\'u}{\~n}ez and Silva, Thiago Sanna Freire and Manzatto, Angelo Gilberto and Terborgh, John and Reis, Neidiane Farias Costa and Montero, Juan Carlos and Casula, Katia Regina and Marimon, Beatriz S. and Marimon, Ben-Hur and Coronado, Euridice N. Honorio and Feldpausch, Ted R. and Duque, Alvaro and Zartman, Charles Eugene and Arboleda, Nicol{\'a}s Casta{\~n}o and Killeen, Timothy J. and Mostacedo, Bonifacio and Vasquez, Rodolfo and Sch{\"o}ngart, Jochen and Assis, Rafael L. and Medeiros, Marcelo Brilhante and Simon, Marcelo Fragomeni and Andrade, Ana and Laurance, William F. and Camargo, Jos{\'e} Lu{\'i}s and Demarchi, Layon O. and Laurance, Susan G. W. and {de Sousa Farias}, Emanuelle and Nascimento, Henrique Eduardo Mendon{\c c}a and Revilla, Juan David Cardenas and Quaresma, Adriano and Costa, Flavia R. C. and Vieira, Ima C{\'e}lia Guimar{\~a}es and Cintra, Bruno Bar{\c c}ante Ladvocat and Castellanos, Hern{\'a}n and Brienen, Roel and Stevenson, Pablo R. and Feitosa, Yuri and Duivenvoorden, Joost F. and C, Gerardo A. Aymard and Mogoll{\'o}n, Hugo F. and Targhetta, Natalia and Comiskey, James A. and Vicentini, Alberto and Lopes, Aline and Damasco, Gabriel and D{\'a}vila, N{\'a}llarett and {Garc{\'i}a-Villacorta}, Roosevelt and Levis, Carolina and Schietti, Juliana and Souza, Priscila and Emilio, Thaise and Alonso, Alfonso and Neill, David and Dallmeier, Francisco and Ferreira, Leandro Valle and {Araujo-Murakami}, Alejandro and Praia, Daniel and {do Amaral}, D{\'a}rio Dantas and Carvalho, Fernanda Antunes and {de Souza}, Fernanda Coelho and Feeley, Kenneth and Arroyo, Luzmila and Pansonato, Marcelo Petratti and Gribel, Rogerio and Villa, Boris and Licona, Juan Carlos and Fine, Paul V. A. and Cer{\'o}n, Carlos and Baraloto, Chris and Jimenez, Eliana M. and Stropp, Juliana and Engel, Julien and Silveira, Marcos and Mora, Maria Cristina Pe{\~n}uela and Petronelli, Pascal and Maas, Paul and {Thomas-Caesar}, Raquel and Henkel, Terry W. and Daly, Doug and Paredes, Marcos R{\'i}os and Baker, Tim R. and Fuentes, Alfredo and Peres, Carlos A. and Chave, Jerome and Pena, Jose Luis Marcelo and Dexter, Kyle G. and Silman, Miles R. and J{\o}rgensen, Peter M{\o}ller and Pennington, Toby and Di Fiore, Anthony and Valverde, Fernando Cornejo and Phillips, Juan Fernando and {Rivas-Torres}, Gonzalo and {von Hildebrand}, Patricio and {van Andel}, Tinde R. and Ruschel, Ademir R. and Prieto, Adriana and Rudas, Agust{\'i}n and Hoffman, Bruce and Vela, C{\'e}sar I. A. and Barbosa, Edelcilio Marques and Zent, Egle{\'e} L. and Gonzales, George Pepe Gallardo and Doza, Hilda Paulette D{\'a}vila and {de Andrade Miranda}, Ires Paula and Guillaumet, Jean-Louis and Pinto, Linder Felipe Mozombite and {de Matos Bonates}, Luiz Carlos and Silva, Natalino and G{\'o}mez, Ricardo Z{\'a}rate and Zent, Stanford and Gonzales, Therany and Vos, Vincent A. and Malhi, Yadvinder and Oliveira, Alexandre A. and Cano, Angela and Albuquerque, Bianca Weiss and Vriesendorp, Corine and Correa, Diego Felipe and Torre, Emilio Vilanova and {van der Heijden}, Geertje and {Ramirez-Angulo}, Hirma and Ramos, Jos{\'e} Ferreira and Young, Kenneth R. and Rocha, Maira and Nascimento, Marcelo Trindade and Medina, Maria Natalia Uma{\~n}a and Tirado, Milton and Wang, Ophelia and Sierra, Rodrigo and {Torres-Lezama}, Armando and Mendoza, Casimiro and Ferreira, Cid and Baider, Cl{\'a}udia and Villarroel, Daniel and Balslev, Henrik and Mesones, Italo and Giraldo, Ligia Estela Urrego and Casas, Luisa Fernanda and Reategui, Manuel Augusto Ahuite and {Linares-Palomino}, Reynaldo and Zagt, Roderick and C{\'a}rdenas, Sasha and {Farfan-Rios}, William and Sampaio, Adeilza Felipe and Pauletto, Daniela and Sandoval, Elvis H. Valderrama and Arevalo, Freddy Ramirez and {Huamantupa-Chuquimaco}, Isau and {Garcia-Cabrera}, Karina and Hernandez, Lionel and Gamarra, Luis Valenzuela and Alexiades, Miguel N. and Pansini, Susamar and Cuenca, Walter Palacios and Milliken, William and Ricardo, Joana and {Lopez-Gonzalez}, Gabriela and Pos, Edwin and {ter Steege}, Hans},
  year = {2018},
  month = jan,
  volume = {8},
  pages = {1003},
  publisher = {{Nature Publishing Group}},
  issn = {2045-2322},
  doi = {10.1038/s41598-017-18927-1},
  copyright = {2018 The Author(s)},
  file = {/Users/bbest/Zotero/storage/QM5NXW3G/Gomes et al - 2018 - Species Distribution Modelling.pdf;/Users/bbest/Zotero/storage/7DW95UBJ/s41598-017-18927-1.html},
  journal = {Scientific Reports},
  language = {en},
  number = {1}
}

@misc{gosleeEcodistDissimilarityBasedFunctions2020,
  title = {Ecodist: {{Dissimilarity}}-{{Based Functions}} for {{Ecological Analysis}}},
  shorttitle = {Ecodist},
  author = {Goslee, Sarah and Urban, Dean},
  year = {2020},
  month = aug,
  copyright = {GPL-2 | GPL-3 [expanded from: GPL ({$\geq$} 2)]},
  keywords = {Environmetrics,Psychometrics}
}

@misc{greenwellGbmGeneralizedBoosted2020,
  title = {Gbm: {{Generalized Boosted Regression Models}}},
  shorttitle = {Gbm},
  author = {Greenwell, Brandon and Boehmke, Bradley and Cunningham, Jay and {Developers  (https://github.com/gbm-developers)}, G. B. M.},
  year = {2020},
  month = jul,
  copyright = {GPL-2 | GPL-3 | file LICENSE [expanded from: GPL ({$\geq$} 2) | file LICENSE]},
  keywords = {MachineLearning,Survival}
}

@misc{GVTP,
  title = {{{GVTP}}},
  file = {/Users/bbest/Zotero/storage/WKPCXZML/gvtp.html},
  howpublished = {https://dudek-com.github.io/gvtp/}
}

@article{helmstetterBalancingTransferabilityComplexity,
  title = {Balancing Transferability and Complexity of Species Distribution Models for Rare Species Conservation},
  author = {Helmstetter, Nolan A. and Conway, Courtney J. and Stevens, Bryan S. and Goldberg, Amanda R.},
  volume = {n/a},
  issn = {1472-4642},
  doi = {10.1111/ddi.13174},
  annotation = {\_eprint: https://onlinelibrary.wiley.com/doi/pdf/10.1111/ddi.13174},
  copyright = {\textcopyright{} 2020 The Authors. Diversity and Distributions published by John Wiley \& Sons Ltd.},
  file = {/Users/bbest/Zotero/storage/IRIKSYWM/Helmstetter et al - Balancing transferability and complexity of species distribution models for rare species conservation.pdf;/Users/bbest/Zotero/storage/6QZIVCDW/ddi.html},
  journal = {Diversity and Distributions},
  keywords = {cross-validation,ENMeval,Maxent,over-parameterization,spatial prediction,statistical regularization},
  language = {en},
  number = {n/a}
}

@article{hullemanModelingAbioticNiches2019,
  title = {Modeling {{Abiotic Niches}} of {{Crops}} and {{Wild Ancestors Using Deep Learning}}: {{A Generalized Approach}}},
  shorttitle = {Modeling {{Abiotic Niches}} of {{Crops}} and {{Wild Ancestors Using Deep Learning}}},
  author = {Hulleman, W. G. and Vos, R. A.},
  year = {2019},
  month = oct,
  pages = {826347},
  publisher = {{Cold Spring Harbor Laboratory}},
  doi = {10.1101/826347},
  chapter = {New Results},
  copyright = {\textcopyright{} 2019, Posted by Cold Spring Harbor Laboratory. This pre-print is available under a Creative Commons License (Attribution 4.0 International), CC BY 4.0, as described at http://creativecommons.org/licenses/by/4.0/},
  file = {/Users/bbest/Zotero/storage/29QTEC94/Hulleman_Vos - 2019 - Modeling Abiotic Niches of Crops and Wild Ancestors Using Deep Learning.pdf;/Users/bbest/Zotero/storage/979NNVQT/826347v1.html},
  journal = {bioRxiv},
  language = {en}
}

@article{koshkinaIntegratedSpeciesDistribution2017,
  title = {Integrated Species Distribution Models: Combining Presence-Background Data and Site-Occupancy Data with Imperfect Detection},
  shorttitle = {Integrated Species Distribution Models},
  author = {Koshkina, Vira and Wang, Yan and Gordon, Ascelin and Dorazio, Robert M. and White, Matt and Stone, Lewi},
  year = {2017},
  volume = {8},
  pages = {420--430},
  issn = {2041-210X},
  doi = {10.1111/2041-210X.12738},
  annotation = {\_eprint: https://besjournals.onlinelibrary.wiley.com/doi/pdf/10.1111/2041-210X.12738},
  copyright = {\textcopyright{} 2017 The Authors. Methods in Ecology and Evolution \textcopyright{} 2017 British Ecological Society},
  file = {/Users/bbest/Zotero/storage/NCA3V5N6/mee312738-sup-0001-supinfo.pdf;/Users/bbest/Zotero/storage/SSD93YGT/Koshkina et al - 2017 - Integrated species distribution models.pdf;/Users/bbest/Zotero/storage/VFKUKW8B/2041-210X.html},
  journal = {Methods in Ecology and Evolution},
  keywords = {imperfect detection,occupancy model,presence-background,sampling bias,site-occupany,spatial point process,species distribution models},
  language = {en},
  number = {4}
}

@book{kuhnCaretPackage,
  title = {The Caret {{Package}}},
  author = {Kuhn, Max},
  file = {/Users/bbest/Zotero/storage/DQVZ5R44/index.html}
}

@article{kvasnesQuantifyingSuitableLate2018,
  title = {Quantifying Suitable Late Summer Brood Habitats for Willow Ptarmigan in {{Norway}}},
  author = {Kvasnes, Mikkel Andreas J{\o}rns{\o}n and Pedersen, Hans Christian and Nilsen, Erlend Birkeland},
  year = {2018},
  month = dec,
  volume = {18},
  issn = {1472-6785},
  doi = {10.1186/s12898-018-0196-6},
  file = {/Users/bbest/Zotero/storage/ACPKBKDR/Kvasnes et al. - 2018 - Quantifying suitable late summer brood habitats fo.pdf},
  journal = {BMC Ecology},
  language = {en},
  number = {1}
}

@misc{lakeSpeciesDistributionModels2019,
  title = {Species {{Distribution Models}} and {{Joint Species Distribution Models}} of {{Nine Invasive Species}} in {{North America}}},
  author = {Lake, Thomas and Briscoe Runquist, Ryan and Moeller, David},
  year = {2019},
  month = aug,
  doi = {10.13020/z71w-jx69},
  annotation = {Accepted: 2019-08-27T15:16:07Z},
  copyright = {CC0 1.0 Universal},
  file = {/Users/bbest/Zotero/storage/SUND5DS2/206482.html},
  language = {en}
}

@article{marxSpeciesDistributionModels2018,
  title = {Species Distribution Models of {{European Turtle Doves}} in {{Germany}} Are More Reliable with Presence Only Rather than Presence Absence Data},
  author = {Marx, Melanie and Quillfeldt, Petra},
  year = {2018},
  month = nov,
  volume = {8},
  pages = {16898},
  publisher = {{Nature Publishing Group}},
  issn = {2045-2322},
  doi = {10.1038/s41598-018-35318-2},
  copyright = {2018 The Author(s)},
  file = {/Users/bbest/Zotero/storage/V567J283/Marx_Quillfeldt - 2018 - Species distribution models of European Turtle Doves in Germany are more reliable with presence only rather than presence absence data.pdf;/Users/bbest/Zotero/storage/ZBXENGVF/s41598-018-35318-2.html},
  journal = {Scientific Reports},
  language = {en},
  number = {1}
}

@article{merowPracticalGuideMaxEnt2013,
  title = {A Practical Guide to {{MaxEnt}} for Modeling Species' Distributions: What It Does, and Why Inputs and Settings Matter},
  shorttitle = {A Practical Guide to {{MaxEnt}} for Modeling Species' Distributions},
  author = {Merow, Cory and Smith, Matthew J. and Silander, John A.},
  year = {2013},
  volume = {36},
  pages = {1058--1069},
  issn = {1600-0587},
  doi = {10.1111/j.1600-0587.2013.07872.x},
  annotation = {\_eprint: https://onlinelibrary.wiley.com/doi/pdf/10.1111/j.1600-0587.2013.07872.x},
  copyright = {\textcopyright{} 2013 The Authors},
  file = {/Users/bbest/Zotero/storage/4QU9GAUT/Merow et al - 2013 - A practical guide to MaxEnt for modeling species‚Äô distributions.pdf;/Users/bbest/Zotero/storage/T4HL2YXU/j.1600-0587.2013.07872.html},
  journal = {Ecography},
  language = {en},
  number = {10}
}

@article{modWhatWeUse2016,
  title = {What We Use Is Not What We Know: Environmental Predictors in Plant Distribution Models},
  shorttitle = {What We Use Is Not What We Know},
  author = {Mod, Heidi K. and Scherrer, Daniel and Luoto, Miska and Guisan, Antoine},
  year = {2016},
  volume = {27},
  pages = {1308--1322},
  issn = {1654-1103},
  doi = {10.1111/jvs.12444},
  annotation = {\_eprint: https://onlinelibrary.wiley.com/doi/pdf/10.1111/jvs.12444},
  copyright = {\textcopyright{} 2016 International Association for Vegetation Science},
  file = {/Users/bbest/Zotero/storage/PWKZRQ4A/Mod et al - 2016 - What we use is not what we know.pdf;/Users/bbest/Zotero/storage/8DMJ9T9N/jvs.html},
  journal = {Journal of Vegetation Science},
  keywords = {Covariate,Environment,Habitat suitability,Independent variable,Model,Niche,Plant,Predictor,Species distribution},
  language = {en},
  number = {6}
}

@misc{mrmaxentMaxnetPackageThat2020,
  title = {Maxnet: {{R}} Package That Implements Much of {{Maxent Java}} App},
  author = {{mrmaxent}},
  year = {2020},
  month = nov,
  copyright = {MIT License         ,                 MIT License}
}

@article{muscarellaENMevalPackageConducting2014,
  title = {{{ENMeval}}: {{An R}} Package for Conducting Spatially Independent Evaluations and Estimating Optimal Model Complexity for {{{\textsc{Maxent}}}} Ecological Niche Models},
  shorttitle = {{{ENMeval}}},
  author = {Muscarella, Robert and Galante, Peter J. and {Soley-Guardia}, Mariano and Boria, Robert A. and Kass, Jamie M. and Uriarte, Mar{\'i}a and Anderson, Robert P.},
  editor = {McPherson, Jana},
  year = {2014},
  month = nov,
  volume = {5},
  pages = {1198--1205},
  issn = {2041210X},
  doi = {10.1111/2041-210X.12261},
  file = {/Users/bbest/Zotero/storage/V28HAVEZ/Muscarella et al - 2014 - ENMeval.pdf},
  journal = {Methods in Ecology and Evolution},
  language = {en},
  number = {11}
}

@article{muscarellaENMevalPackageConducting2014a,
  title = {{{ENMeval}}: {{An R}} Package for Conducting Spatially Independent Evaluations and Estimating Optimal Model Complexity for {{{\textsc{Maxent}}}} Ecological Niche Models},
  shorttitle = {{{ENMeval}}},
  author = {Muscarella, Robert and Galante, Peter J. and {Soley-Guardia}, Mariano and Boria, Robert A. and Kass, Jamie M. and Uriarte, Mar{\'i}a and Anderson, Robert P.},
  editor = {McPherson, Jana},
  year = {2014},
  month = nov,
  volume = {5},
  pages = {1198--1205},
  issn = {2041210X},
  doi = {10.1111/2041-210X.12261},
  file = {/Users/bbest/Zotero/storage/IML9CA57/Muscarella et al - 2014 - ENMeval.pdf},
  journal = {Methods in Ecology and Evolution},
  language = {en},
  number = {11}
}

@misc{naimiSdmSpeciesDistribution2020,
  title = {Sdm: {{Species Distribution Modelling}}},
  shorttitle = {Sdm},
  author = {Naimi, Babak and Araujo, Miguel B.},
  year = {2020},
  month = apr,
  copyright = {GPL ({$\geq$} 3)}
}

@article{pandodelahozUsingUnsupervisedArtificial2019,
  title = {Using Unsupervised Artificial Neural Networks to Detect Sibling Species: {{A}} Case in Myxomycetes},
  shorttitle = {Using Unsupervised Artificial Neural Networks to Detect Sibling Species},
  author = {{Pando de la Hoz}, Francisco and Heredia, Ignacio and Lloret Iglesias, Lara},
  year = {2019},
  publisher = {{Pensoft Publishers}},
  file = {/Users/bbest/Zotero/storage/ZZBLS2I6/Pando de la Hoz et al - 2019 - Using unsupervised artificial neural networks to detect sibling species.pdf}
}

@article{pandoUsingUnsupervisedArtificial2019,
  title = {Using {{Unsupervised Artificial Neural Networks}} to {{Detect Sibling Species}}: {{A}} Case in {{Myxomycetes}}},
  shorttitle = {Using {{Unsupervised Artificial Neural Networks}} to {{Detect Sibling Species}}},
  author = {Pando, Francisco and Heredia, Ignacio and Lloret, Lara},
  year = {2019},
  volume = {3},
  pages = {e37255},
  publisher = {{Pensoft Publishers}},
  file = {/Users/bbest/Zotero/storage/4DIYRFPI/Pando et al - 2019 - Using Unsupervised Artificial Neural Networks to Detect Sibling Species.pdf},
  journal = {Biodiversity Information Science and Standards}
}

@article{pedersenRockPtarmiganLagopus2014,
  title = {Rock {{Ptarmigan}} ({{Lagopus}} Muta) Breeding Habitat Use in Northern {{Sweden}}},
  author = {Pedersen, {\textbackslash}AAshild {\O} and Blanchet, Marie-Anne and {H{\"o}rnell-Willebrand}, Maria and Jepsen, Jane U. and Biuw, Martin and Fuglei, Eva},
  year = {2014},
  volume = {155},
  pages = {195--209},
  publisher = {{Springer}},
  file = {/Users/bbest/Zotero/storage/B9H49G2M/Pedersen et al - 2014 - Rock Ptarmigan (Lagopus muta) breeding habitat use in northern Sweden.pdf},
  journal = {Journal of Ornithology},
  number = {1}
}

@article{petersonTransferabilityModelEvaluation2007,
  title = {Transferability and Model Evaluation in Ecological Niche Modeling: A Comparison of {{GARP}} and {{Maxent}}},
  shorttitle = {Transferability and Model Evaluation in Ecological Niche Modeling},
  author = {Peterson, A. Townsend and Pape{\c s}, Monica and Eaton, Muir},
  year = {2007},
  volume = {30},
  pages = {550--560},
  issn = {1600-0587},
  doi = {10.1111/j.0906-7590.2007.05102.x},
  annotation = {\_eprint: https://onlinelibrary.wiley.com/doi/pdf/10.1111/j.0906-7590.2007.05102.x},
  file = {/Users/bbest/Zotero/storage/TRCIAUTC/Peterson et al - 2007 - Transferability and model evaluation in ecological niche modeling.pdf;/Users/bbest/Zotero/storage/3NYUEEXU/j.0906-7590.2007.05102.html},
  journal = {Ecography},
  language = {en},
  number = {4}
}

@article{phillipsOpeningBlackBox2017,
  title = {Opening the Black Box: An Open-Source Release of {{Maxent}}},
  shorttitle = {Opening the Black Box},
  author = {Phillips, Steven J. and Anderson, Robert P. and Dud{\'i}k, Miroslav and Schapire, Robert E. and Blair, Mary E.},
  year = {2017},
  volume = {40},
  pages = {887--893},
  issn = {1600-0587},
  doi = {10.1111/ecog.03049},
  annotation = {\_eprint: https://onlinelibrary.wiley.com/doi/pdf/10.1111/ecog.03049},
  copyright = {\textcopyright{} 2017 The Authors},
  file = {/Users/bbest/Zotero/storage/CIDZHC2Y/Phillips et al - 2017 - Opening the black box.pdf;/Users/bbest/Zotero/storage/E5LNDAFL/(ISSN)1600-0587.html},
  journal = {Ecography},
  language = {en},
  number = {7}
}

@article{radosavljevicMakingBetterMaxent2014,
  title = {Making Better {{Maxent}} Models of Species Distributions: Complexity, Overfitting and Evaluation},
  shorttitle = {Making Better {{Maxent}} Models of Species Distributions},
  author = {Radosavljevic, Aleksandar and Anderson, Robert P.},
  year = {2014},
  volume = {41},
  pages = {629--643},
  issn = {1365-2699},
  doi = {10.1111/jbi.12227},
  annotation = {\_eprint: https://onlinelibrary.wiley.com/doi/pdf/10.1111/jbi.12227},
  copyright = {\textcopyright{} 2013 John Wiley \& Sons Ltd},
  file = {/Users/bbest/Zotero/storage/2RBYTIHQ/Radosavljevic_Anderson - 2014 - Making better Maxent models of species distributions.pdf;/Users/bbest/Zotero/storage/42CH2WQ5/jbi.html},
  journal = {Journal of Biogeography},
  keywords = {Cross validation,evaluation,Heteromys,Maxent,niche,overfitting,rodent,smoothing,South America,tuning},
  language = {en},
  number = {4}
}

@article{rewHabitatSuitabilityEstimation2020,
  title = {Habitat {{Suitability Estimation Using}} a {{Two}}-{{Stage Ensemble Approach}}},
  author = {Rew, Jehyeok and Cho, Yongjang and Moon, Jihoon and Hwang, Eenjun},
  year = {2020},
  month = jan,
  volume = {12},
  pages = {1475},
  publisher = {{Multidisciplinary Digital Publishing Institute}},
  doi = {10.3390/rs12091475},
  copyright = {http://creativecommons.org/licenses/by/3.0/},
  file = {/Users/bbest/Zotero/storage/ML2PXBDR/Rew et al - 2020 - Habitat Suitability Estimation Using a Two-Stage Ensemble Approach.pdf;/Users/bbest/Zotero/storage/CRB4C5DP/1475.html;/Users/bbest/Zotero/storage/X4IGV92C/1475.html},
  journal = {Remote Sensing},
  keywords = {deep neural network,ensemble approach,habitat suitability estimation,two-stage modeling},
  language = {en},
  number = {9}
}

@misc{SdmBiogeoinformatics,
  title = {Sdm | {{Biogeoinformatics}}},
  file = {/Users/bbest/Zotero/storage/E4HHEAZZ/www.biogeoinformatics.org.html},
  howpublished = {http://www.biogeoinformatics.org/},
  journal = {Biogeoinformatics},
  language = {en-US}
}

@misc{SDMtune2020,
  title = {{{SDMtune}}},
  year = {2020},
  month = nov,
  copyright = {View license         ,                 View license},
  howpublished = {Conservation Biology - University of Bern}
}

@inproceedings{si-moussiPlantRecommendationUsing2019,
  title = {Plant Recommendation Using the Environment and Biotic Associations},
  booktitle = {Working {{Notes}} of {{CLEF}} 2019 - {{Conference}} and {{Labs}} of the {{Evaluation Forum}}},
  author = {{Si-Moussi}, Sara and Hedde, Mickael and Thuiller, Wilfried},
  year = {2019},
  month = sep,
  address = {{Lugano, Switzerland}},
  file = {/Users/bbest/Zotero/storage/RMF38E3P/Si-Moussi et al - 2019 - Plant recommendation using the environment and biotic associations.pdf}
}

@article{simpsonCRANTaskView2020,
  title = {{{CRAN Task View}}: {{Analysis}} of {{Ecological}} and {{Environmental Data}}},
  shorttitle = {{{CRAN Task View}}},
  author = {Simpson, Gavin},
  year = {2020},
  month = aug,
  file = {/Users/bbest/Zotero/storage/TZGNEGEK/Environmetrics.html}
}

@article{soltisPlantsMeetMachines2020,
  title = {Plants Meet Machines: {{Prospects}} in Machine Learning for Plant Biology},
  shorttitle = {Plants Meet Machines},
  author = {Soltis, Pamela S. and Nelson, Gil and Zare, Alina and Meineke, Emily K.},
  year = {2020},
  month = jul,
  volume = {8},
  issn = {2168-0450},
  doi = {10.1002/aps3.11371},
  file = {/Users/bbest/Zotero/storage/B4M7QLZH/Soltis et al - 2020 - Plants meet machines.pdf},
  journal = {Applications in Plant Sciences},
  number = {6},
  pmcid = {PMC7328654},
  pmid = {null}
}

@misc{SpeciesDistributionModeling,
  title = {Species Distribution Modeling \textemdash{} {{R Spatial}}},
  file = {/Users/bbest/Zotero/storage/Q9CHXZS9/index.html},
  howpublished = {https://rspatial.org/raster/sdm/index.html}
}

@article{thuillerPlantRecommendationUsing2019,
  title = {Plant Recommendation Using Environment and Biotic Associations},
  author = {Thuiller, Wilfried},
  year = {2019},
  file = {/Users/bbest/Zotero/storage/MPQ7RS5W/Thuiller - 2019 - Plant recommendation using environment and biotic associations.pdf}
}

@misc{TrainModel,
  title = {Train a Model},
  file = {/Users/bbest/Zotero/storage/XWZHNCES/train_model.html},
  howpublished = {https://consbiol-unibern.github.io/SDMtune/articles/articles/train\_model.html},
  language = {en}
}

@article{vanderputtenPredictingSpeciesDistribution2010,
  title = {Predicting Species Distribution and Abundance Responses to Climate Change: Why It Is Essential to Include Biotic Interactions across Trophic Levels},
  shorttitle = {Predicting Species Distribution and Abundance Responses to Climate Change},
  author = {{Van der Putten}, Wim H. and Macel, Mirka and Visser, Marcel E.},
  year = {2010},
  month = jul,
  volume = {365},
  pages = {2025--2034},
  issn = {0962-8436},
  doi = {10.1098/rstb.2010.0037},
  file = {/Users/bbest/Zotero/storage/GIYE9NBL/Van der Putten et al - 2010 - Predicting species distribution and abundance responses to climate change.pdf},
  journal = {Philosophical Transactions of the Royal Society B: Biological Sciences},
  number = {1549},
  pmcid = {PMC2880132},
  pmid = {20513711}
}

@article{volleringMIAmaxentPackageVariable2019,
  title = {The {{MIAmaxent R}} Package: {{Variable}} Transformation and Model Selection for Species Distribution Models},
  shorttitle = {The {{MIAmaxent R}} Package},
  author = {Vollering, Julien and Halvorsen, Rune and Mazzoni, Sabrina},
  year = {2019},
  volume = {9},
  pages = {12051--12068},
  issn = {2045-7758},
  doi = {10.1002/ece3.5654},
  annotation = {\_eprint: https://onlinelibrary.wiley.com/doi/pdf/10.1002/ece3.5654},
  copyright = {\textcopyright{} 2019 The Authors. Ecology and Evolution published by John Wiley \& Sons Ltd.},
  file = {/Users/bbest/Zotero/storage/MHPWGFJX/Vollering et al - 2019 - The MIAmaxent R package.pdf;/Users/bbest/Zotero/storage/B262QWGN/ece3.html},
  journal = {Ecology and Evolution},
  keywords = {lasso regularization,Maxent,maximum entropy,species distribution modeling,subset selection,variable transformation},
  language = {en},
  number = {21}
}

@article{yuImprovingSpeciesDistribution2020,
  title = {Improving Species Distribution Model Predictive Accuracy Using Species Abundance: {{Application}} with Boosted Regression Trees},
  shorttitle = {Improving Species Distribution Model Predictive Accuracy Using Species Abundance},
  author = {Yu, Hao and Cooper, Arthur R. and Infante, Dana M.},
  year = {2020},
  month = sep,
  volume = {432},
  pages = {109202},
  issn = {0304-3800},
  doi = {10.1016/j.ecolmodel.2020.109202},
  file = {/Users/bbest/Zotero/storage/PGGZIRKG/S0304380020302726.html},
  journal = {Ecological Modelling},
  keywords = {Boosted regression trees,Fluvial fishes,Species abundance,Species distribution models},
  language = {en}
}

@inproceedings{zhangReviewMachineLearning2017,
  title = {A {{Review}} of {{Machine Learning Based Species}}' {{Distribution Modelling}}},
  booktitle = {2017 {{International Conference}} on {{Industrial Informatics}} - {{Computing Technology}}, {{Intelligent Technology}}, {{Industrial Information Integration}} ({{ICIICII}})},
  author = {Zhang, J. and Li, S.},
  year = {2017},
  month = dec,
  pages = {199--206},
  doi = {10.1109/ICIICII.2017.76},
  file = {/Users/bbest/Zotero/storage/KGWD46MY/Zhang_Li - 2017 - A Review of Machine Learning Based Species' Distribution Modelling.pdf;/Users/bbest/Zotero/storage/CWBV6XSX/8328619.html},
  keywords = {artificial neural network,Biological system modeling,contemporary SDM studies,Data models,data scientists,deep learning,deep learning method,ecologists,ensemble learning,hybrid ML approaches,inherently interdisciplinary field,learning (artificial intelligence),Learning systems,MaxEnt,ML methods,neural nets,Predictive models,Radio frequency,random forest,representative machine learning methods,specie distribution modelling,support vector machine,support vector machines,Support vector machines,Vegetation}
}


